@FOOTNOTE{Note1,key="Note1",note="Automatically placing footnotes into the bibliography requires using BibTeX to compile the bibliography."}
@CONTROL{REVTEX42Control}
@CONTROL{apsrev42Control,author="08",editor="1",pages="0",title="0",year="1"}
