@CONTROL{REVTEX42Control}
@CONTROL{sor41Control,pages="1",title="0"}
